<record xmlns="http://www.loc.gov/MARC21/slim">
   <leader>06069nam a2200553 i 4500</leader>
   <controlfield tag="001">6790081</controlfield>
   <controlfield tag="005">20150117143518.0</controlfield>
   <controlfield tag="006">m    eo  d        </controlfield>
   <controlfield tag="007">cr cn |||m|||a</controlfield>
   <controlfield tag="008">150117s2015    caua   foab   000 0 eng d</controlfield>
   <datafield ind1=" " ind2=" " tag="020">
      <subfield code="a">9781627055109</subfield>
      <subfield code="q">ebook</subfield>
   </datafield>
   <datafield ind1=" " ind2=" " tag="020">
      <subfield code="z">9781627055093</subfield>
      <subfield code="q">print</subfield>
   </datafield>
   <datafield ind1="7" ind2=" " tag="024">
      <subfield code="a">10.2200/S00622ED1V01Y201412SPT012</subfield>
      <subfield code="2">doi</subfield>
   </datafield>
   <datafield ind1=" " ind2=" " tag="035">
      <subfield code="a">ocn900341026</subfield>
   </datafield>
   <datafield ind1=" " ind2=" " tag="039">
      <subfield code="a">exclude</subfield>
   </datafield>
   <datafield ind1=" " ind2=" " tag="040">
      <subfield code="a">CaBNVSL</subfield>
      <subfield code="b">eng</subfield>
      <subfield code="e">rda</subfield>
      <subfield code="c">CaBNVSL</subfield>
      <subfield code="d">CaBNVSL</subfield>
      <subfield code="d">AEU</subfield>
   </datafield>
   <datafield ind1=" " ind2="4" tag="050">
      <subfield code="a">QA76.9.A25</subfield>
      <subfield code="b">W236 2015</subfield>
   </datafield>
   <datafield ind1="0" ind2="4" tag="082">
      <subfield code="a">005.8</subfield>
      <subfield code="2">23</subfield>
   </datafield>
   <datafield ind1=" " ind2=" " tag="090">
      <subfield code="a">Internet Access</subfield>
      <subfield code="b">AEU</subfield>
   </datafield>
   <datafield ind1="1" ind2=" " tag="100">
      <subfield code="a">Wachsmann, Christian.,</subfield>
      <subfield code="e">author.</subfield>
   </datafield>
   <datafield ind1="1" ind2="0" tag="245">
      <subfield code="a">Physically unclonable functions (PUFs) :</subfield>
      <subfield code="b">applications, models, and future directions /</subfield>
      <subfield code="c">Christian Wachsmann, Ahmad-Reza Sadeghi.</subfield>
   </datafield>
   <datafield ind1=" " ind2="1" tag="264">
      <subfield code="a">San Rafael, California (1537 Fourth Street, San Rafael, CA  94901 USA) :</subfield>
      <subfield code="b">Morgan &amp; Claypool,</subfield>
      <subfield code="c">2015.</subfield>
   </datafield>
   <datafield ind1=" " ind2=" " tag="300">
      <subfield code="a">1 online resource (ix, 81 pages) :</subfield>
      <subfield code="b">illustrations.</subfield>
   </datafield>
   <datafield ind1=" " ind2=" " tag="336">
      <subfield code="a">text</subfield>
      <subfield code="2">rdacontent</subfield>
   </datafield>
   <datafield ind1=" " ind2=" " tag="337">
      <subfield code="a">electronic</subfield>
      <subfield code="2">isbdmedia</subfield>
   </datafield>
   <datafield ind1=" " ind2=" " tag="338">
      <subfield code="a">online resource</subfield>
      <subfield code="2">rdacarrier</subfield>
   </datafield>
   <datafield ind1="1" ind2=" " tag="490">
      <subfield code="a">Synthesis lectures on information security, privacy, &amp; trust,</subfield>
      <subfield code="x">1945-9750 ;</subfield>
      <subfield code="v"># 12</subfield>
   </datafield>
   <datafield ind1=" " ind2=" " tag="500">
      <subfield code="a">Part of: Synthesis digital library of engineering and computer science.</subfield>
   </datafield>
   <datafield ind1=" " ind2=" " tag="504">
      <subfield code="a">Includes bibliographical references (pages 65-79).</subfield>
   </datafield>
   <datafield ind1="0" ind2=" " tag="505">
      <subfield code="a">1. Introduction --</subfield>
   </datafield>
   <datafield ind1="8" ind2=" " tag="505">
      <subfield code="a">2. Basics of physically unclonable functions -- 2.1 PUF concept, properties, and assumptions -- 2.2 PUF types -- 2.2.1 Delay-based PUFs -- 2.2.2 Memory-based PUFs -- 2.2.3 Coating PUFs -- 2.2.4 Non-electric PUFs -- 2.3 Noise compensation and privacy amplification --</subfield>
   </datafield>
   <datafield ind1="8" ind2=" " tag="505">
      <subfield code="a">3. Attacks on PUFs and PUF-based systems -- 3.1 Emulation attacks -- 3.2 Side channel attacks -- 3.3 Fault injection attacks -- 3.4 Invasive attacks --</subfield>
   </datafield>
   <datafield ind1="8" ind2=" " tag="505">
      <subfield code="a">4. Advanced PUF concepts -- 4.1 Controlled PUFs -- 4.2 Publicly verifiable and emulatable PUFs -- 4.3 Reconfigurable PUFs --</subfield>
   </datafield>
   <datafield ind1="8" ind2=" " tag="505">
      <subfield code="a">5. PUF implementations and evaluation -- 5.1 PUF implementations in ASIC -- 5.2 Evaluation methodology -- 5.2.1 Robustness analysis -- 5.2.2 Unpredictability analysis -- 5.3 Evaluation results -- 5.3.1 Robustness results -- 5.3.2 Unpredictability results -- 5.3.3. Discussion -- 5.4 Summary --</subfield>
   </datafield>
   <datafield ind1="8" ind2=" " tag="505">
      <subfield code="a">6. PUF-based cryptographic protocols -- 6.1 Lightweight authentication based on PUFs -- 6.1.1 Literature overview of PUF-based device authentication -- 6.1.2 Protocol description and specification -- 6.1.3 Security analysis -- 6.2 PUF-based attestation -- 6.2.1 Protocol description and specification -- 6.2.2 Security analysis --</subfield>
   </datafield>
   <datafield ind1="8" ind2=" " tag="505">
      <subfield code="a">7. Security model for PUF-based systems -- 7.1 Literature overview of PUF security models -- 7.2 Framework for physical functions -- 7.2.1 Background and rationale -- 7.2.2 Formalization -- 7.3 Robustness -- 7.3.1 Rationale -- 7.3.2 Formalization -- 7.4 Physical unclonability -- 7.4.1 Rationale -- 7.4.2 Formalization -- 7.5 Unpredictability -- 7.5.1 Rationale -- 7.5.2 Formalization -- 7.6 Conclusion --</subfield>
   </datafield>
   <datafield ind1="8" ind2=" " tag="505">
      <subfield code="a">8. Conclusion -- Terms and abbreviations -- Bibliography -- Authors' biographies.</subfield>
   </datafield>
   <datafield ind1=" " ind2=" " tag="506">
      <subfield code="a">Access restricted to authorized users and institutions.</subfield>
   </datafield>
   <datafield ind1="3" ind2=" " tag="520">
      <subfield code="a">Today, embedded systems are used in many security-critical applications, from access control, electronic tickets, sensors, and smart devices (e.g., wearables) to automotive applications and critical infrastructures. These systems are increasingly used to produce and process both security-critical and privacy-sensitive data, which bear many security and privacy risks. Establishing trust in the underlying devices and making them resistant to software and hardware attacks is a fundamental requirement in many applications and a challenging, yet unsolved, task. Solutions solely based on software can never ensure their own integrity and trustworthiness while resource-constraints and economic factors often prevent the integration of sophisticated security hardware and cryptographic co-processors. In this context, Physically Unclonable Functions (PUFs) are an emerging and promising technology to establish trust in embedded systems with minimal hardware requirements. This book explores the design of trusted embedded systems based on PUFs. Specifically, it focuses on the integration of PUFs into secure and efficient cryptographic protocols that are suitable for a variety of embedded systems. It exemplarily discusses how PUFs can be integrated into lightweight device authentication and attestation schemes, which are popular and highly relevant applications of PUFs in practice. For the integration of PUFs into secure cryptographic systems, it is essential to have a clear view of their properties. This book gives an overview of different approaches to evaluate the properties of PUF implementations and presents the results of a large scale security analysis of different PUF types implemented in application-specific integrated circuits (ASICs). To analyze the security of PUF-based schemes as is common in modern cryptography, it is necessary to have a security framework for PUFs and PUF-based systems. In this book, we give a flavor of the formal modeling of PUFs that is in its beginning and that is still undergoing further refinement in current research. The objective of this book is to provide a comprehensive overview of the current state of secure PUF-based cryptographic system design and the related challenges and limitations.</subfield>
   </datafield>
   <datafield ind1=" " ind2=" " tag="588">
      <subfield code="a">Title from PDF title page (viewed on January 17, 2015).</subfield>
   </datafield>
   <datafield ind1=" " ind2=" " tag="596">
      <subfield code="a">44</subfield>
   </datafield>
   <datafield ind1=" " ind2="0" tag="650">
      <subfield code="a">Computer security.</subfield>
   </datafield>
   <datafield ind1=" " ind2="0" tag="650">
      <subfield code="a">Data structures (Computer science)</subfield>
   </datafield>
   <datafield ind1="1" ind2=" " tag="700">
      <subfield code="a">Sadeghi, Ahmad-Reza.,</subfield>
      <subfield code="e">author.</subfield>
   </datafield>
   <datafield ind1=" " ind2="0" tag="830">
      <subfield code="a">Synthesis digital library of engineering and computer science.</subfield>
   </datafield>
   <datafield ind1=" " ind2="0" tag="830">
      <subfield code="a">Synthesis lectures on information security, privacy, and trust ;</subfield>
      <subfield code="v"># 12.</subfield>
      <subfield code="x">1945-9750</subfield>
   </datafield>
   <datafield ind1="4" ind2="0" tag="856">
      <subfield code="3">University of Alberta Access</subfield>
      <subfield code="u">http://dx.doi.org/10.2200/S00622ED1V01Y201412SPT012</subfield>
   </datafield>
   <datafield ind1=" " ind2=" " tag="949">
      <subfield code="h">UAIN</subfield>
      <subfield code="z">SYNTHDIG</subfield>
   </datafield>
   <datafield ind1=" " ind2=" " tag="926">
      <subfield code="a">Internet Access</subfield>
      <subfield code="w">LC</subfield>
      <subfield code="c">1</subfield>
      <subfield code="i">6790081-1001</subfield>
      <subfield code="l">INTERNET</subfield>
      <subfield code="m">UAINTERNET</subfield>
      <subfield code="r">Y</subfield>
      <subfield code="s">Y</subfield>
      <subfield code="t">E-RESOURCE</subfield>
      <subfield code="u">1/28/2015</subfield>
      <subfield code="x">E-BOOK</subfield>
      <subfield code="z">SYNTHDIG</subfield>
   </datafield>
</record>
